@InProceedings{Hosseini98-TSCO-Karger,
	Title                    = {بررسی نا کارآمدی الگوریتم کارگر در برش کمینه گرافهای وزن دار},
	Author                   = {فاطمه‌سادات حسینی and محمود امین‌طوسی},
	Booktitle                = {سومین سمینار کنترل و بهینه‌سازی},
	Year                     = {۱۳۹۸},	
	Address                  = {دانشگاه حکیم سبزواری},
	Date                     = {1398-08-23},
	Language                 = {persian},
	Pages                    = {21-24},
	Note 					 = {\lr{Investigation of useless of Karger's method in weighted graph for minimim cut problem, (2019)}},
	key = {139809}
}

@InProceedings{Jokar98-TSCO-GAN,
	Title                    = {شبکه مولد رقابتی، انواع و کاربرد آن‌ها},
	Author                   = {فاطمه جوکار and محمود امین‌طوسی and سیده‌افسانه صالحی‌ساداتی},
	Booktitle                = {سومین سمینار کنترل و بهینه‌سازی},
	Year                     = {۱۳۹۸},	
	Pages                    = {79-82},
	Address                  = {دانشگاه حکیم سبزواری},
	Date                     = {1398-08-23},
	Language                 = {persian},
	Note 					 = {\lr{Generative Adversarial Networks: Types and Applications, (2019)}},
	key = {139809}
}


@InProceedings{Ezzati98-TSCO-GD,
	Title                    = {محاسبه بعد متریک گراف با الگوریتم شبیه‌سازی تبریدی},
	Author                   = {هاشم عزتی and محمود امین‌طوسی},
	Booktitle                = {سومین سمینار کنترل و بهینه‌سازی},
	Year                     = {۱۳۹۸},	
	Address                  = {دانشگاه حکیم سبزواری},
	Date                     = {1398-08-23},
	Language                 = {persian},
	Pages                    = {39-42},
	Note 					 = {\lr{Computing Graph Metric Dimension using Simulated Annealing, (2019)}},
	key = {139809}
}

@Article{KeykhosraviMLP98,
  Title                    = {	
ارزیابی دقت‌ شبکه های عصبی مصنوعی (\lr{{MLP}} و \lr{{RBF}}) در پیش بینی گرد و غبار کارخانه سیمان سبزوار},
  Author                   = {سیدسعید کیخسروی and  فرهاد نژادکورکی and محمود امین‌طوسی },
  Journal                  = {فصلنامه پژوهش در بهداشت محیط},
  Year                     = {۱۳۹۸},
  Number                   = {1},
  Pages                    = {234-245},
  Volume                   = {5 - Spring 2019},
  Address                  = {پژوهشگاه توسعه فناوری های پیشرفته خواجه نصیرالدین طوسی},
  Language                 = {persian},
  Note 						= {\lr{Estimation of Artificial Neural Networks (MLP and RBF) Accuracy in Anticipation of the Dust of the Sabzevar Cement Factory, (2019), 
  Journal of Research in Environmental Health)}},
    key = {13980201}
}

@Article{mattingJSDP98,
  Title                    = {بهبود روش درهم‌تنیدگی تصویر‌ مبتنی بر یادگیری با درنظر گرفتن وزن‌های مختلف برای زمینه و پیش‌زمینه},
  Author                   = {محمود امین‌طوسی },
  Journal                  = {پردازش علائم و داده‌ها},
  Year                     = {۱۳۹۸},
  Number                   = {1},
  Pages                    = {75-90},
  Volume                   = {16},
  Address                  = {پژوهشگاه توسعه فناوری های پیشرفته خواجه نصیرالدین طوسی},
  Language                 = {persian},
  Note 						= {\lr{Enhancement of Learning Based Image Matting Method with different background/foreground weights, (2019), 
  Signal and Data Processing)}},
    key = {13980301}
}


@InProceedings{Khoshnevis97sparseOptWithGPU,
	Title                    = {افزایش سرعت بهینه‌سازی تُنُک با پردازش موازی روی GPU},
	Author                   = {
	محمود امین‌طوسی and بابک خوشنویس},
	Booktitle                = {دومین سمینار کنترل و بهینه‌سازی},
	Year                     = {۱۳۹۷},
	
	Address                  = {دانشگاه صنعتی شاهرود},
	Date                     = {1397-08-24},
	Language                 = {persian},
	Note 					 = {\lr{Speed Increasing in Sparse optimization on GPU, (2018)}},
	key = {139708}
}

@InProceedings{Bakhti97knn,
	Title                    = {طبقه‌بندی داده‌ها با درهم‌تنیدگی تصویر},
	Author                   = {
	محمود امین‌طوسی and پروین بختی},
	Booktitle                = {دومین سمینار کنترل و بهینه‌سازی},
	Year                     = {۱۳۹۷},
	
	Address                  = {دانشگاه صنعتی شاهرود},
	Date                     = {1397-08-24},
	Language                 = {persian},
	Note 					 = {\lr{Classification using Image Matting, (2018)}},
	key = {139708}
}

@InProceedings{Nemati96GA,
	Title                    = {مقدار دهی اولیه گرادیان مزدوج در خوشه بندی طیفی با الگوریتم ژنتیک},
	Author                   = {مهدی نعمتی and محمود امین‌طوسی and مهدی زعفرانیه},
	Booktitle                = {ششمین سمینار آنالیز هارمونیک و کاربردها},
	Year                     = {۱۳۹۶},
	
	Address                  = {دانشگاه حکیم سبزواری},
	Date                     = {1396-11},
	Language                 = {persian},
	Note 					 = {\lr{Conjugate Gradient Initilization using GA in Spectral Clustering, (2018)}},	
	key = {139611}
}


@InProceedings{Ezzati96graph,
  Title                    = { یک حد بالا برای حداقل تعداد تطابقات درست در مسئله تطابق گراف با روش‌های مبتنی بر جستجوی تصادفی},
  Author                   = {هاشم عزتی and محمود امین‌طوسی and هاشم طبسی},
  Booktitle                = {چهل و هشتمین کنفرانس ریاضی ایران},
  Year                     = {۱۳۹۶},

  Address                  = {همدان},
  Date                     = {1396-06},
  Language                 = {persian},
  Note 				= {\lr{(An Upper Bound for Minimum True Matches in Graph Isomorphism with Stochastic Methods, 2017)}},
  key = {139606}
}

@Article{xepersianMSCI,
  Title                    = {زی‌پرشین، فراتر از یک ابزار ریاضی‌نویسی},
  Author                   = {محمود امین‌طوسی },
  Journal                  = {نشریه ریاضی و جامعه},
  Year                     = {۱۳۹۶},
  Number                   = {۲},
  Pages                    = {۱-۱۷},
  Volume                   = {۲},
  Address                  = {دانشگاه اصفهان},
  Language                 = {persian},
  Note 				= {\lr{XePersian, beyond a mathematical typesetting utility, (2017)}},  
    key = {13960501}
}

@InProceedings{Assaran96KSVD,
  Title                    = {بهبود فراتفکیک پذیری با نمایش تنک},
  Author                   = { آلاله عصاران and راضیه حامدی and محمود امین‌طوسی },
  Booktitle                = {چهارمین کنفرانس ملی فناوری اطلاعات،‌کامپیوتر و مخابرات},
  Year                     = {۱۳۹۶},
  Address                  = {تربت حیدیریه},
  Date                     = {1396-03-04},
  Language                 = {persian},
  Note 				= {\lr{(Super-Resolution Enhancement with Sparse Representation, 2017)}}, 
  Language                 = {persian}
}

@book{xepersianBookRAT,
     author =    { سیدمحمدجواد رضویان and  محمود امین‌طوسی and اکبر طیبی},
     title =     "مقدمه‌ای بر زی‌پرشین و ریاضی‌نویسی در لاتک" ,
     publisher = "دانشگاه حکیم سبزواری" ,
     year =      "۱۳۹۶" ,
  Note 				= {\lr{An Introduction to XePersian and mathematical typesetting in \LaTeX, (2017)}},  	 
	Language                 = {persian}
}

@InProceedings{Amintoosi96IPRIA-Matting,
  Title                    = {دقیق‌تر کردن استخراج رگ‌های خونی شبکیه چشم با روش درهم‌تنیدگی تصویر‌ مبتنی بر نزدیک‌ترین همسایگی },
  Author                   = {محمود امین‌طوسی},
  Booktitle                = {سومین کنفرانس بین المللی بازشناسی الگو و تحلیل تصویر ایران },
  Year                     = {۱۳۹۶},
  Address                  = {دانشگاه شهرکرد},
  Date                     = {1396-01-31},
  Note 				= {\lr{Retina Vessele Segmentation using kNN Matting, (2017)}},  
  Language                 = {persian}
}

@InProceedings{Amintoosi96IPRIA-BlockNorm,
  Title                    = {استفاده از نرم بلوکی در بهینه‌سازی تُنُک با کاربرد در فراتفکیک‌پذیری},
  Author                   = {راضیه حامدی and محمود امین‌طوسی and مهدی زعفرانیه},
  Booktitle                = {سومین کنفرانس بین المللی بازشناسی الگو و تحلیل تصویر ایران },
  Year                     = {۱۳۹۶},
  Address                  = {دانشگاه شهرکرد},
  Date                     = {1396-01-30},
  Note 				= {\lr{Using Block Norm in Sparse Optimization for Super-Resolution, (2017)}},    
  Language                 = {persian}
}

@InProceedings{Amintoosi96IPRIA-ELM,
  Title                    = {ارزیابی عملکرد ماشین یادگیر نهایی در قطعه‌بندی تصاویر},
  Author                   = {محمود امین‌طوسی and سکینه خورسندی and مهدی زعفرانیه},
  Booktitle                = {سومین کنفرانس بین المللی بازشناسی الگو و تحلیل تصویر ایران },
  Year                     = {۱۳۹۶},
  Address                  = {دانشگاه شهرکرد},
  Date                     = {1396-01-30},
  Note 				= {\lr{ELM Evaluation for Image Segmentation, (2017)}},    
  Language                 = {persian}
}

@InProceedings{Amintoosi94spectral,
  Title                    = {محاسبه پارامترهای خوشه‌بندی طیفی در تصاویر \lr{MRI} با الگوریتم ژنتیک},
  Author                   = {محمود امین‌طوسی and طیبه فیاض},
  Booktitle                = {هشتمین کنفرانس بین‌المللی انجمن ایرانی تحقیق در عملیات},
  Year                     = {۱۳۹۴},

  Address                  = {دانشگاه فردوسی مشهد},
  Note 				= {\lr{Computing the Spectral Clustering Parameters using GA, (2015)}},  
  Date                     = {1394-02-31},
  Language                 = {persian}
}

@InProceedings{Farhadi95ANN,
  Title                    = {پیش بینی غلظت آلاینده های هوای شهر تهران بر اساس عوامل اقلیمی با استفاده از شبکه عصبی مصنوعی},
  Author                   = {راضیه فرهادی and مجتبی هادوی‌فر and مظاهر معین‌الدینی and محمود امین‌طوسی },
  Booktitle                = {سومین همایش یافته های نوین در محیط زیست و اکوسیستم های کشاورزی},
  Year                     = {۱۳۹۵},
  Address                  = {دانشگاه تهران},
  Date                     = {1395-06-31},
  Note 				= {\lr{Prediction of Meteorological Parameters in Tehran using ANN, (2016)}},
  Language                 = {persian}
}

@InProceedings{Amintoosi94matting,
  Title                    = {آشکارسازی بهتر شریان‌های کرونری قلب با یاد‌گیری نیمه‌نظارتی‌خودکار},
  Author                   = {محمود امین‌طوسی and فرزانه رشیدآبادی},
  Booktitle                = {هشتمین کنفرانس بین‌المللی انجمن ایرانی تحقیق در عملیات},
  Year                     = {۱۳۹۴},
  Address                  = {دانشگاه فردوسی مشهد},
  Date                     = {1394-02-31},
  Note 				= {\lr{Heart Coronary Vessele Segmentation's Enhacement with Semi-Supervised Learning, (2015)}},  
  Language                 = {persian}
}

@InProceedings{Shahi93UFLP,
  Title                    = {مقایسه سه روش فراابتکاری در حل \lr{UFLP}},
  Author                   = {سمیرا شاهی and محمود امین‌طوسی and مهدی زعفرانیه},
  Booktitle                = {هفتمین کنفرانس بین‌المللی انجمن ایرانی تحقیق در عملیات},
  Year                     = {۱۳۹۳},
  Address                  = {سمنان},
  Abstract                 = {در مسأله مکان‌یابی مراکز سرویس‌دهنده با ظرفیت نامحدود، هدف کمینه کردن هزینه‌های سرویس‌دهی می‌باشد. این مسأله‌ از نوع \lr{NP-hard} بوده و روش‌های فراابتکاری راه‌حل‌های خوبی، در زمان معقول برای این مسائل ارائه می‌نمایند. در این مقاله، سه روش جست‌وجوی تابو، الگوریتم ژنتیک و الگوریتم انبوه‌سازی(ازدحام) ذرات تحت شرایط یکسان پیاده‌سازی شده و نتایج به‌دست آمده با شیوه‌ی جدیدی مورد مقایسه قرار گرفته‌اند. نتایج آزمایشات نشان داده است که به طور کلی الگوریتم ژنتیک روش بهتری برای حل این مسأله است.},
  Date                     = {1393-03-25},
  Note 				= {\lr{Comparing 3 meta-heuristic methods for solving UFLP, (2014)}},
  Language                 = {persian}
}

@InProceedings{Hoseini93mincutSA,
  Title                    = {برش کمینه‌ی گراف با شبیه‌سازی تبریدی},
  Author                   = {فاطمه‌سادات حسینی and
محمود امین‌طوسی},
  Booktitle                = {هفتمین کنفرانس بین‌المللی انجمن ایرانی تحقیق در عملیات},
  Year                     = {۱۳۹۳},

  Address                  = {سمنان},

  Abstract                 = {در مسئله برش مینیمم هدف مینیمم کردن ظرفیت یالهای برش است.
 از روشهای تقریبی حل این مسائل میتوان به الگوریتم کارگِر اشاره کرد. که از تلفیق لبه ها به صورت تصادفی استفاده میکند .در این مقاله از شبیه‌سازی تبریدی برای حل این مسئله استفاده شده است و نتایج آن با روش کارگِر مقایسه شده است. نتایج آزمایشات برتری روش پیشنهادی را نسبت به روش کارگِر از منظر سرعت اجرا، نرخ همگرایی و میانگین خطا نشان داده است.},
  Date                     = {1393-03-25},
  Note 				= {\lr{Graph Minumum Cut udsing SA, (2014)}},
  Language                 = {persian}
}
@InProceedings{Hoseini93mincutTS,
  Title                    = {برش کمینه‌ی گراف باجستجوی ممنوعه},
  Author                   = {فاطمه‌سادات حسینی and
محمود امین‌طوسی},
  Booktitle                = {هفتمین کنفرانس بین‌المللی انجمن ایرانی تحقیق در عملیات},
  Year                     = {۱۳۹۳},

  Address                  = {سمنان},

  Abstract                 = {در مسئله برش مینیمم هدف مینیمم کردن ظرفیت یالهای برش است.
 از روشهای تقریبی حل این مسائل میتوان به الگوریتم کارگِر اشاره کرد. که از تلفیق لبه ها به صورت تصادفی استفاده میکند .در این مقاله از جستجوی ممنوعه برای حل این مسئله استفاده شده است و نتایج آن با روش کارگِر مقایسه شده است. نتایج آزمایشات برتری روش پیشنهادی را نسبت به روش کارگِر از منظر سرعت اجرا، نرخ همگرایی و میانگین خطا نشان داده است.},
  Date                     = {1393-03-25},
  Note 				= {\lr{Graph Minumum Cut udsing Tabu Search, (2014)}},
  Language                 = {persian}
}
@InProceedings{Rezazadeh93hub,
  Title                    = { مسئله مکان‌یابی \lr{p} -هاب با ظرفیت نامتناهی در حضور صف \lr{M/G/1} },
  Author                   = {معصومه رضازاده and محمود امین‌طوسی and مهدی زعفرانیه},
  Booktitle                = {چهل و پنجمین کنفرانس ریاضی ایران},
  Year                     = {۱۳۹۳},

  Address                  = {سمنان},

  Abstract                 = {مسئله مکان‌یابی هاب یک تعمیم نسبتاً جدید از مسائل مکان‌یابی است. این مسائل با پیدا کردن مکان‌های هاب و تخصیص نقاط تقاضا به این مکان‌ها سرو کار دارد.ما هاب‌ها را که بخش‌های پر ازدحام شبکه هستند، همانند یک صف M/G/1 مدل‌بندی می‌کنیم. در این مقاله ابتدا یک برنامه‌ریزی غیر خطی با محدودیت‌های خطی برای مسئله نمایش می‌دهیم که زمان کلی حمل و نقل بین گره‌های شبکه را مینیمم می‌کند، سپس این مسئله را با استفاده از الگوریتم ژنتیک حل می‌کنیم و با الگوریتم جستجوی ممنوعه مقایسه می‌کنیم.},
  Date                     = {1393-06},
  Note 				= {\lr{Facility Location Problem in M/G/1 Queue, (2014)}},
  Language                 = {persian}
}
@InProceedings{Moghimi92MRIPCNN,
  Title                    = {تشخیص ناحیه چربی در تصاویر \lr{MRI} با استفاده از شبكه عصبی با كوپلاژ پالسی},
  Author                   = {مهدی مقیمی and
محمود امین‌طوسی},
  Booktitle                = {پنجمین کنفرانس ملی مهندسی برق و الکترونیک ایران},
  Year                     = {۱۳۹۲},

  Address                  = {گناباد},

  Abstract                 = {شناسایی ناحیه مرتبط با یک بافت خاص اهمیت زیادی در پزشکی و فیزیولوژی دارد. در این مقاله راهكاری برای تشخیص و جداسازی ناحیه چربی در تصاویر MRI ران پا مبتنی بر شبکه عصبی با کوپلاژ پالسی ارائه شده است . هدف اصلی سنجش میزان تاثیر ورزشهای خاص در کاهش یا افزایش حجم چربی ران بوده است. الگوریتمهای متفاوتی برای این كار پیاده‌سازی و مورد استفاده قرار گرفت. نتایج آزمایشات انجام شده نشان داد که برای این کاربرد خاص، شبكه عصبی با كوپلاژ پالسی، بهترین نتیجه قطعه‌بندی را بدست می‌دهد.},
  Date                     = {1392-05-30},
  Note 				= {\lr{MRI image Segmentation using PCNN, (2013)}},
  Language                 = {persian}
}


@InCollection{Xepersian-IMS-1392,
  Title                    = {زی‌پرشین (\lr{\XePersian}) یک بسته‌ی حروف‌چینی پارسی در \lr{\LaTeXe} (بخش دوم)},
  Author                   = {وفا خلیقی and
محمود امین‌طوسی},
  Booktitle                = {خبرنامه انجمن ریاضی ایران},
  Publisher                = {انجمن ریاضی ایران},
  Year                     = {۱۳۹۲},
  Note                     = {بهار و تابستان ۱۳۹۲},
  Number                   = {۱۳۵-۱۳۶},
  Pages                    = {۴۰۹},

  Abstract                 = {زی‌پرشین دسته‌ای از ماکروهاست که حروف‌چینی پارسی را در لاتک ساده نموده و به عنوان یک بسته‌ی منبع باز از توانایی‌های بالایی برای حروف‌چینی برخوردار می‌باشد. در این نوشتار به معرفی زی‌پرشین، روند پیدایش و گسترش آن و مقایسه‌ی آن با سیستم‌های مشابه پرداخته شده است. همچنین تلاش شده است ویژگی‌های اصلی، توانمندی‌ها و ابزارهای وابسته به آن بیان شده و به پرسشهای معمول پیرامون آن پاسخ داده شود. هم‌اکنون افراد بسیاری از این بسته برای حروف‌چینی اسناد پارسی خود در لاتک بهره می‌برند و کاربرد آن در جامعه‌ی علمی ایران رو به گسترش است. },
  Date                     = {بهار 1392},
  Language                 = {persian},
  Note 				= {\lr{XePersain, a Package for Persian Typesetting in \LaTeX, part II, (2013)}},
  Url                      = {http://profs.hsu.ac.ir/mamintoosi/files/2013/12/Xepersian-IMS.pdf, PDF-Produced_with_XePersian
http://hsc.hsu.ac.ir/public.php?service=files&amp;t=461d50373811eab1277328259bdca414&amp;download, PDF-Download-link2
http://www.parsilatex.com/joomla/attachments/article/209/Xepersian-IMS.pdf, PDF-Download-from-ParsiLaTeX-site
http://www.ims.ir/files/publications/newsletter/ims_newsletter_134.pdf, IMS_newsletter_134.pdf
http://www.ims.ir/files/publications/newsletter/ims_newsletter_135-136.pdf, IMS_newsletter_135-136.pdf}
}
@InProceedings{Tirandaz92Boyer,
  Title                    = {بهینه سازی الگوریتم \lr{Boyer Moore}},
  Author                   = {حامد تیرانداز and
محمود امین‌طوسی},
  Booktitle                = {اولین همایش ملی کاربرد سیستم‌های هوشمند (محاسبات نرم) در علوم و صنایع},
  Year                     = {۱۳۹۱},

  Address                  = {قوچان},

  Abstract                 = {تطبیق رشته در واقع همان جستجوی یک عبارت دلخواه در یک متن می باشد که یک مسئله اساسی درعلوم کامپیوتر می باشد و الگوریتم های زیادی در این زمینه ارائه شده و مورد استفاده قرار گرفته اند. یک الگوریتم اساسی در این زمینه می باشد در این مقاله ما با BoyerMoore از آنجایی که الگوریتم بسط مرتبه دوم این الگوریتم و استفاده کردن از بخش تطابق یافته در جستجوی مرحله قبلی الگوریتمی را ارائه نموده ایم که با دارا بودن شرایط خاصی دارای پیچیدگی زمانی بسیار کمتری نسبت به الگوریتم های جستجوی متن قبلی می باشد },
  Date                     = {1391-12},
  Note 				= {\lr{A Enhancement of Boyer Moore Algorithm, (2012)}},

  Language                 = {persian}
}
@InCollection{Xepersian-IMS-1391,
  Title                    = {زی‌پرشین (\lr{\XePersian}) یک بسته‌ی حروف‌چینی پارسی در \lr{\LaTeXe}‌ (بخش اول)},
  Author                   = {وفا خلیقی and
محمود امین‌طوسی},
  Booktitle                = {خبرنامه انجمن ریاضی ایران},
  Publisher                = {انجمن ریاضی ایران},
  Year                     = {۱۳۹۱},
  Note                     = {زمستان ۱۳۹۱, 
  \lr{XePersain, a Package for Persian Typesetting in \LaTeX, part I, (2013)}},  
  Number                   = {۱۳۴},
  Pages                    = {۱۹-۲۳},

  Abstract                 = {زی‌پرشین دسته‌ای از ماکروهاست که حروف‌چینی پارسی را در لاتک ساده نموده و به عنوان یک بسته‌ی منبع باز از توانایی‌های بالایی برای حروف‌چینی برخوردار می‌باشد. در این نوشتار به معرفی زی‌پرشین، روند پیدایش و گسترش آن و مقایسه‌ی آن با سیستم‌های مشابه پرداخته شده است. همچنین تلاش شده است ویژگی‌های اصلی، توانمندی‌ها و ابزارهای وابسته به آن بیان شده و به پرسشهای معمول پیرامون آن پاسخ داده شود. هم‌اکنون افراد بسیاری از این بسته برای حروف‌چینی اسناد پارسی خود در لاتک بهره می‌برند و کاربرد آن در جامعه‌ی علمی ایران رو به گسترش است. },
  Date                     = {زمستان 1391},
  Language                 = {persian},
  Url                      = {http://profs.hsu.ac.ir/mamintoosi/files/2013/12/Xepersian-IMS.pdf, PDF-Produced_with_XePersian
http://hsc.hsu.ac.ir/public.php?service=files&amp;t=461d50373811eab1277328259bdca414&amp;download, PDF-Download-link2
http://www.parsilatex.com/joomla/attachments/article/209/Xepersian-IMS.pdf, PDF-Download-from-ParsiLaTeX-site
http://www.ims.ir/files/publications/newsletter/ims_newsletter_134.pdf, IMS_newsletter_134.pdf
http://www.ims.ir/files/publications/newsletter/ims_newsletter_135-136.pdf, IMS_newsletter_135-136.pdf}
}
@InProceedings{Sheida90Unified,
  Title                    = {الگوریتمی واحد برای ناحیه بندی انواع تصاویر پزشکی},
  Author                   = {مهدی شیدا and
حسام اختیار and
محمود امین‌طوسی},
  Booktitle                = {دومین كنفرانس ملی محاسبات نرم و فن آوری اطلاعات},
  Year                     = {۱۳۹۰},

  Address                  = {ماهشهر},

  Abstract                 = {تصاویر تشدید مغناطیسی و ماموگرافی ابزارهای تشخیصی قدرتمندی برای آشکارسازی انواع ضایعات و سرطانها در مراحل اولیه بیماری هستند. در این مقاله یک روش ترکیبی جدید برای استخراج این نواحی با استفاده از الگوریتم Saliency معرفی می‌کنیم. الگوریتم مطرح شده نحوه درمان را برای پزشک تسهیل می‌کند. ما برخی از روشهای ناحیه بندی تصویر را با الگوریتم Saliency ترکیب نموده‌ایم که از میان آنان* ترکیب الگوریتم ناحیه بندی PCNN و روش پیشنهادی دارای بهترین تشخیص می‌باشد.},
  Date                     = {1390-12-10},
  Note 				= {\lr{A Unified Approach for Medical Image Segmentation, (2012)}},

  Language                 = {persian}
}

@InProceedings{Amintoosi88amikhtan,
  Title                    = {آمیختن بدون درزِ تصاویر، مبتنی بر همرنگ‌سازی چند بانده و تبدیل موجک},
  Author                   = {امین‌طوسی,م. and فتحی,م. and مزینی,ن.},
  Booktitle                = {پانزدهمین کنفرانس ملی سالانه انجمن کامپیوتر ایران},
  Year                     = {۱۳۸۸},

  Address                  = {تهران، ایران},
  Organization             = {مرکز توسعه فناوری نیرو},
  Note 				= {\lr{Seamless Multi-band Image Blending using Wavelet Transform, (2009)}},
  Language                 = {Persian}
}
@InProceedings{Amintoosi88sabtetasvir,
  Title                    = {ثبت تصویر مبتنی بر شباهت ساختاری تصاویر با کاربرد در وضوح برتر},
  Author                   = {امین‌طوسی,م. and فتحی,م. and مزینی,ن.},
  Booktitle                = {هفدهمین کنفرانس مهندسی برق ایران},
  Year                     = {۱۳۸۸},

  Address                  = {تهران، ایران},
  Month                    = {اردیبهشت},
  Organization             = {دانشگاه علم و صنعت ایران},
  Pages                    = {۴۰۱-۴۰۶},
  Note 				= {\lr{Image Registraion based using SSIM(2009)}},
  Language                 = {Persian}
}

@InProceedings{Amintoosi87afzayesh,
  Title                    = {افزایش وضوح ناحیه‌ای},
  Author                   = {امین‌طوسی,م. and فتحی,م. and مزینی,ن.},
  Booktitle                = {چهاردهمین کنفرانس ملی سالانه انجمن کامپیوتر ایران},
  Year                     = {۱۳۸۷},

  Address                  = {تهران، ایران},
  Month                    = {اسفند},
  Organization             = {دانشگاه امیرکبیر},
Note 				= {\lr{Regional Image Super-Resolution(2008)}},
  Language                 = {Persian}
}
@InProceedings{Amintoosi08using,
  Title                    = {استفاده از تجزیه ماتریس در وضوح برتر برای مواجهه با اشیاء متحرک},
  Author                   = {امین‌طوسی,م. and others},
  Booktitle                = {پنجمین کنفرانس پردازش تصویر و بینائی ماشین},
  Year                     = {۱۳۸۷},

  Address                  = {تبریز، ایران},
  Organization             = {دانشگاه تبریز},
  Pages                    = {۱۷۲-۱۷۸},
  Note 				= {\lr{Super-Resolution using Matrix Factorization(2008)}},
  Language                 = {Persian}
}

@InProceedings{Fathy07TTC7a,
  Title                    = {مروری بر تحقیقات انجام شده در زمینه ی پیشگیری از تصادف },
  Author                   = {فتحی, م. and others},
  Booktitle                = {هفتمین كنفرانس مهندسی حمل و نقل و ترافیك ایران},
  Year                     = {۱۳۸۵},

  Address                  = {تهران، ایران},
  Month                    = {اسفند},
  Organization             = {سازمان حمل و نقل و ترافیك تهران},
Note 				= {\lr{A survey on accident prevention researchs(2006)}},
  Language                 = {Persian},
  Url                      = {"http://www.civilica.com/Paper-TTC07-TTC07_061.html"}
}

@InProceedings{Fathy07TTC7b,
  Title                    = {مروری بر کاربردهای بینائی ماشین و سیستمهای پیاده سازی شده در حمل ونقل و ترافیک},
  Author                   = {فتحی, م. and others},
  Booktitle                = {هفتمین كنفرانس مهندسی حمل و نقل و ترافیك ایران},
  Year                     = {۱۳۸۵},

  Address                  = {تهران},
  Month                    = {اسفند},
  Organization             = {سازمان حمل و نقل و ترافیك تهران},
Note 				= {\lr{A review on machine vision applications on Iintelligent transportation systems(2006)}},
  Language                 = {Persian},
  Url                      = {"http://www.civilica.com/Paper-TTC07-TTC07_060.html"}
}

@InProceedings{Sadoghi06anew,
  Title                    = {روشِ جدیدِ پشته‌سازیِ مكانی-زمانیِ حركت در تصاویر ویدیویی و استفاده از آن در شناسایی حالت چهره},
  Author                   = {صدوقی‌یزدی, ه\char"200D. and امین‌طوسی,م. and فتحی,م. },
  Booktitle                = {اولین کنفرانس ملی مهندسی برق},
  Year                     = {۱۳۸۵},

  Address                  = {گناباد، ایران},
  Organization             = {دانشگاه آزاد اسلامی واحد گناباد},
  Note 				= {\lr{Facial Expersion Recognition in Video(2006)}},
  Language                 = {Persian}
}
@InProceedings{Sadoghi07facial,
  Title                    = { شناسایی حالت چهره با استفاده از پایگاه دادهٔ مكانی- زمانی \lr{{QIM}} و \lr{{ITMI}}},
  Author                   = {صدوقی‌یزدی, ه\char"200D. and امین‌طوسی,م. and فتحی,م. },
  Booktitle                = {چهارمین کنفرانس بینائی ماشین و پردازش تصویر ایران},
  Year                     = {۱۳۸۵},

  Address                  = {مشهد، ایران},
  Month                    = {بهمن},
  Organization             = {دانشگاه فردوسی مشهد},
  Note 				= {\lr{Facial Expersion Recognition in Video using QIM and ITMI(2006)}},
  Language                 = {Persian}
}

@InProceedings{Amintoosi04optimum,
  Title                    = {کلاسه‌بندی فازی بهینه دانشجویان با استفاده از یک تابع فازی در حل مسئله برنامه‌ریزی ژنتیکی دروس هفتگی دانشگاه},
  Author                   = {امین‌طوسی, م. and صدوقی‌یزدی, ه\char"200D.},
  Booktitle                = {نهمین كنفرانس سالانه انجمن كامپیوتر ایران},
  Year                     = {۱۳۸۲},

  Address                  = {تهران، ایران},
  Month                    = {اسفند},
  Organization             = {دانشگاه صنعتی شریف},
  Pages                    = {345-352},
Note 				= {\lr{Student's sectioning using fuzzy inference system(2004)}},
  Language                 = {Persian}
}
@InCollection{امین‌طوسی۷۹مروری,
  Title                    = {مروری بر مسائل \lr{NP-Hard} و \lr{NP-Complete}},
  Author                   = {امین‌طوسی,م.},
  Booktitle                = {مجله‌ صفر و یک },
  Publisher                = {گروه کامپیوتر، دانشگاه فردوسی مشهد},
  Year                     = {۱۳۷۹},

  Address                  = {مشهد، ایران},
  Month                    = {بهار},
  Note                     = {شماره سوم, \lr{A review on NP-Hard and NP-Complete Problems(2000)}},
  Pages                    = {۲۵-۳۳},
  Language                 = {Persian}
}

@InProceedings{Monsefi00agenetic,
  Title                    = {جورچینی قطعات راست گوشه با استفاده از شبكه های عصبی و الگوریتم ژنتیك},
  Author                   = {منصفی,ر. and امین‌طوسی,م.},
  Booktitle                = {پنجمین کنفرانس سالانه انجمن کامپیوتر ایران},
  Year                     = {۱۳۷۸},
  Address                  = {تهران، ایران},
  Month                    = {بهمن},
  Organization             = {دانشگاه شهید بهشتی},
  Pages                    = {۲۹۸-۳۰۴},
  Note 				= {\lr{Tiling Problem using Neural Networks and Genetic Algorithm(2000)}},
  Language                 = {Persian}
}
