@Article{mattingJSDP,
  Title                    = {بهبود روش درهم‌تنیدگی تصویر‌ مبتنی بر یادگیری با درنظر گرفتن وزن‌های مختلف برای زمینه و پیش‌زمینه},
  Author                   = {محمود امین‌طوسی },
  Journal                  = {پردازش علائم و داده‌ها},
  Year                     = {۱۳۹۸},
  Number                   = {39},
  Pages                    = {-},
  Volume                   = {بهار ۹۸},
  Address                  = {پژوهشگاه توسعه فناوری های پیشرفته خواجه نصیرالدین طوسی},
  Language                 = {persian},
  key = {13980101}
}

@ARTICLE{Hadavifar2018SA, 
author = {Farhadi, R. and Hadavifar, M. and Moeinaddini, M. and Amintoosi, M.},  
title = {Sensitivity Analysis of Meteorological Parameters and Instability ‎Indices on Concentration of Carbon Monoxide, Particulate ‎Matter, and Air Quality Index in Tehran}, 
volume = {6}, 
number = {2},  
abstract ={Aims: Nowadays, dangerous chemical pollutants by a numerous of natural and synthetic sources are produced and released to the environment. These pollutants have short-term and long-term effects on human health. The purpose of this paper is to examine the impact of climate parameters and instability indices on air pollution in Tehran-Iran.  Materials and Methods: To evaluate the impact of meteorological parameters and indices of stability and instability on sensitivity analysis in Tehran-Iran, the Sharif University monitoring station was selected for air sampling and analysis. Sampling was performed from March 2011 to July 2012 in Tehran.  Findings: Results of sensitivity analysis showed that average daily change of the concentration of pollutants throughout the year was very different and intensively influenced by meteorological parameters. Results showed that wind direction (WD) (82%) and relative humidity (32%) and temperature (20%) have the most influence on the concentration values of pollutants carbon monoxide (CO), particulate matter (PM10), and air quality index (AQI). The highest concentrations of CO occurred in summer and lowest in winter, and maximum concentration of PM10 was in autumn, and its lowest concentration was in spring. Results revealed that the lowest average of AQI occurred in the spring, while in autumn, winter, and summer have almost equal values, but in winter AQI has slightly higher values.  Conclusion: According to the results of this research in Sharif station Tehran, the WD has the highest impact percentage (82%) on the concentration of pollutants. The highest concentrations of CO occurred in summer, and maximum concentration of PM10 was in autumn. },  
URL = {http://journals.modares.ac.ir/article-24-16537-en.html},  
eprint = {http://journals.modares.ac.ir/article-24-16537-en.pdf},  
journal = {ECOPERSIA},   
doi = {},  
year = {2018},
Authorfa                 = {
ر. فرهادی and م. هادوی‌فر and م. معین‌الدینی and م. امین‌طوسی}
}


@InProceedings{Khoshnevis97sparseOptWithGPU,
	Title                    = {افزایش سرعت بهینه‌سازی تُنُک با پردازش موازی روی GPU},
	Author                   = {
	محمود امین‌طوسی and بابک خوشنویس},
	Booktitle                = {دومین سمینار کنترل و بهینه‌سازی},
	Year                     = {۱۳۹۷},
	
	Address                  = {دانشگاه صنعتی شاهرود},
	Date                     = {1397-08-24},
	Language                 = {persian},
	Note 						= {\lr{(2018)}},
	key = {139708}
}

@InProceedings{Bakhti97knn,
	Title                    = {طبقه‌بندی داده‌ها با درهم‌تنیدگی تصویر},
	Author                   = {
	محمود امین‌طوسی and پروین بختی},
	Booktitle                = {دومین سمینار کنترل و بهینه‌سازی},
	Year                     = {۱۳۹۷},
	
	Address                  = {دانشگاه صنعتی شاهرود},
	Date                     = {1397-08-24},
	Language                 = {persian},
	key = {139708}
}


@InProceedings{Nemati96GA,
	Title                    = {مقدار دهی اولیه گرادیان مزدوج در خوشه بندی طیفی با الگوریتم ژنتیک},
	Author                   = {مهدی نعمتی and محمود امین‌طوسی and مهدی زعفرانیه},
	Booktitle                = {ششمین سمینار آنالیز هارمونیک و کاربردها},
	Year                     = {۱۳۹۶},
	
	Address                  = {دانشگاه حکیم سبزواری},
	Date                     = {1396-11},
	Language                 = {persian},
	key = {139611}
}

@InProceedings{Ezzati96graph,
  Title                    = { یک حد بالا برای حداقل تعداد تطابقات درست در مسئله تطابق گراف با روش‌های مبتنی بر جستجوی تصادفی},
  Author                   = {هاشم عزتی and محمود امین‌طوسی and هاشم طبسی},
  Booktitle                = {چهل و هشتمین کنفرانس ریاضی ایران},
  Year                     = {۱۳۹۶},

  Address                  = {همدان},
  Date                     = {1396-06},
  Language                 = {persian},
  key = {139606}
}

@Article{xepersianMSCI,
  Title                    = {زی‌پرشین، فراتر از یک ابزار ریاضی‌نویسی},
  Author                   = {محمود امین‌طوسی },
  Journal                  = {نشریه ریاضی و جامعه},
  Year                     = {۱۳۹۶},
  Number                   = {۲},
  Pages                    = {۱-۱۷},
  Volume                   = {۲},
  Address                  = {دانشگاه اصفهان},
  Language                 = {persian},
    key = {13960501}
}

@InProceedings{Assaran96KSVD,
  Title                    = {بهبود فراتفکیک پذیری با نمایش تنک},
  Author                   = { آلاله عصاران and راضیه حامدی and محمود امین‌طوسی },
  Booktitle                = {چهارمین کنفرانس ملی فناوری اطلاعات،‌کامپیوتر و مخابرات},
  Year                     = {۱۳۹۶},
  Address                  = {تربت حیدیریه},
  Date                     = {1396-03-04},
  Language                 = {persian}
}

@book{xepersianBookRAT,
     author =    { سیدمحمدجواد رضویان and  محمود امین‌طوسی and اکبر طیبی},
     title =     "مقدمه‌ای بر زی‌پرشین و ریاضی‌نویسی در لاتک" ,
     publisher = "دانشگاه حکیم سبزواری" ,
     year =      "۱۳۹۶" ,
	Language                 = {persian}
}

@InProceedings{Amintoosi96IPRIA-Matting,
  Title                    = {دقیق‌تر کردن استخراج رگ‌های خونی شبکیه چشم با روش درهم‌تنیدگی تصویر‌ مبتنی بر نزدیک‌ترین همسایگی },
  Author                   = {محمود امین‌طوسی},
  Booktitle                = {سومین کنفرانس بین المللی بازشناسی الگو و تحلیل تصویر ایران },
  Year                     = {۱۳۹۶},
  Address                  = {دانشگاه شهرکرد},
  Date                     = {1396-01-31},
  Language                 = {persian}
}

@InProceedings{Amintoosi96IPRIA-BlockNorm,
  Title                    = {استفاده از نرم بلوکی در بهینه‌سازی تُنُک با کاربرد در فراتفکیک‌پذیری},
  Author                   = {راضیه حامدی and محمود امین‌طوسی and مهدی زعفرانیه},
  Booktitle                = {سومین کنفرانس بین المللی بازشناسی الگو و تحلیل تصویر ایران },
  Year                     = {۱۳۹۶},
  Address                  = {دانشگاه شهرکرد},
  Date                     = {1396-01-30},
  Language                 = {persian}
}

@InProceedings{Amintoosi96IPRIA-ELM,
  Title                    = {ارزیابی عملکرد ماشین یادگیر نهایی در قطعه‌بندی تصاویر},
  Author                   = {محمود امین‌طوسی and سکینه خورسندی and مهدی زعفرانیه},
  Booktitle                = {سومین کنفرانس بین المللی بازشناسی الگو و تحلیل تصویر ایران },
  Year                     = {۱۳۹۶},
  Address                  = {دانشگاه شهرکرد},
  Date                     = {1396-01-30},
  Language                 = {persian}
}

@InProceedings{Amintoosi94spectral,
  Title                    = {محاسبه پارامترهای خوشه‌بندی طیفی در تصاویر \lr{MRI} با الگوریتم ژنتیک},
  Author                   = {محمود امین‌طوسی and طیبه فیاض},
  Booktitle                = {هشتمین کنفرانس بین‌المللی انجمن ایرانی تحقیق در عملیات},
  Year                     = {۱۳۹۴},

  Address                  = {دانشگاه فردوسی مشهد},

  Date                     = {1394-02-31},
  Language                 = {persian}
}

@InProceedings{Farhadi95ANN,
  Title                    = {پیش بینی غلظت آلاینده های هوای شهر تهران بر اساس عوامل اقلیمی با استفاده از شبکه عصبی مصنوعی},
  Author                   = {راضیه فرهادی and مجتبي هادوي فر and مظاهر معین الدینی and محمود امین‌طوسی },
  Booktitle                = {سومین همایش یافته های نوین در محیط زیست و اکوسیستم های کشاورزی},
  Year                     = {۱۳۹۵},
  Address                  = {دانشگاه تهران},
  Date                     = {1395-06-31},
  Language                 = {persian}
}

@InProceedings{Amintoosi94matting,
  Title                    = {آشکارسازی بهتر شریان‌های کرونری قلب با یاد‌گیری نیمه‌نظارتی‌خودکار},
  Author                   = {محمود امین‌طوسی and فرزانه رشیدآبادی},
  Booktitle                = {هشتمین کنفرانس بین‌المللی انجمن ایرانی تحقیق در عملیات},
  Year                     = {۱۳۹۴},
  Address                  = {دانشگاه فردوسی مشهد},
  Date                     = {1394-02-31},
  Language                 = {persian}
}

@InProceedings{Shahi93UFLP,
  Title                    = {مقایسه سه روش فراابتکاری در حل \lr{UFLP}},
  Author                   = {سمیرا شاهی and محمود امین‌طوسی and مهدی زعفرانیه},
  Booktitle                = {هفتمین کنفرانس بین‌المللی انجمن ایرانی تحقیق در عملیات},
  Year                     = {۱۳۹۳},
  Address                  = {سمنان},
  Abstract                 = {در مسأله مکان‌یابی مراکز سرویس‌دهنده با ظرفیت نامحدود، هدف کمینه کردن هزینه‌های سرویس‌دهی می‌باشد. این مسأله‌ از نوع \lr{NP-hard} بوده و روش‌های فراابتکاری راه‌حل‌های خوبی، در زمان معقول برای این مسائل ارائه می‌نمایند. در این مقاله، سه روش جست‌وجوی تابو، الگوریتم ژنتیک و الگوریتم انبوه‌سازی(ازدحام) ذرات تحت شرایط یکسان پیاده‌سازی شده و نتایج به‌دست آمده با شیوه‌ی جدیدی مورد مقایسه قرار گرفته‌اند. نتایج آزمایشات نشان داده است که به طور کلی الگوریتم ژنتیک روش بهتری برای حل این مسأله است.},
  Date                     = {1393-03-25},
  Language                 = {persian}
}
@InProceedings{Hoseini93mincutSA,
  Title                    = {برش کمینه‌ی گراف با شبیه‌سازی تبریدی},
  Author                   = {فاطمه‌سادات حسینی and
محمود امین‌طوسی},
  Booktitle                = {هفتمین کنفرانس بین‌المللی انجمن ایرانی تحقیق در عملیات},
  Year                     = {۱۳۹۳},

  Address                  = {سمنان},

  Abstract                 = {در مسئله برش مینیمم هدف مینیمم کردن ظرفیت یالهای برش است.
 از روشهای تقریبی حل این مسائل میتوان به الگوریتم کارگِر اشاره کرد. که از تلفیق لبه ها به صورت تصادفی استفاده میکند .در این مقاله از شبیه‌سازی تبریدی برای حل این مسئله استفاده شده است و نتایج آن با روش کارگِر مقایسه شده است. نتایج آزمایشات برتری روش پیشنهادی را نسبت به روش کارگِر از منظر سرعت اجرا، نرخ همگرایی و میانگین خطا نشان داده است.},
  Date                     = {1393-03-25},
  Language                 = {persian}
}
@InProceedings{Hoseini93mincutTS,
  Title                    = {برش کمینه‌ی گراف باجستجوی ممنوعه},
  Author                   = {فاطمه‌سادات حسینی and
محمود امین‌طوسی},
  Booktitle                = {هفتمین کنفرانس بین‌المللی انجمن ایرانی تحقیق در عملیات},
  Year                     = {۱۳۹۳},

  Address                  = {سمنان},

  Abstract                 = {در مسئله برش مینیمم هدف مینیمم کردن ظرفیت یالهای برش است.
 از روشهای تقریبی حل این مسائل میتوان به الگوریتم کارگِر اشاره کرد. که از تلفیق لبه ها به صورت تصادفی استفاده میکند .در این مقاله از جستجوی ممنوعه برای حل این مسئله استفاده شده است و نتایج آن با روش کارگِر مقایسه شده است. نتایج آزمایشات برتری روش پیشنهادی را نسبت به روش کارگِر از منظر سرعت اجرا، نرخ همگرایی و میانگین خطا نشان داده است.},
  Date                     = {1393-03-25},
  Language                 = {persian}
}
@InProceedings{Rezazadeh93hub,
  Title                    = { مسئله مکان‌یابی \lr{p} -هاب با ظرفیت نامتناهی در حضور صف \lr{M/G/1} },
  Author                   = {معصومه رضازاده and محمود امین‌طوسی and مهدی زعفرانیه},
  Booktitle                = {چهل و پنجمین کنفرانس ریاضی ایران},
  Year                     = {۱۳۹۳},

  Address                  = {سمنان},

  Abstract                 = {مسئله مکان‌یابی هاب یک تعمیم نسبتاً جدید از مسائل مکان‌یابی است. این مسائل با پیدا کردن مکان‌های هاب و تخصیص نقاط تقاضا به این مکان‌ها سرو کار دارد.ما هاب‌ها را که بخش‌های پر ازدحام شبکه هستند، همانند یک صف M/G/1 مدل‌بندی می‌کنیم. در این مقاله ابتدا یک برنامه‌ریزی غیر خطی با محدودیت‌های خطی برای مسئله نمایش می‌دهیم که زمان کلی حمل و نقل بین گره‌های شبکه را مینیمم می‌کند، سپس این مسئله را با استفاده از الگوریتم ژنتیک حل می‌کنیم و با الگوریتم جستجوی ممنوعه مقایسه می‌کنیم.},
  Date                     = {1393-06},
  Language                 = {persian}
}
@InProceedings{Moghimi92MRIPCNN,
  Title                    = {تشخیص ناحیه چربی در تصاویر \lr{MRI} با استفاده از شبكه عصبی با كوپلاژ پالسی},
  Author                   = {مهدی مقیمی and
محمود امین‌طوسی},
  Booktitle                = {پنجمین کنفرانس ملی مهندسی برق و الکترونیک ایران},
  Year                     = {۱۳۹۲},

  Address                  = {گناباد},

  Abstract                 = {شناسایی ناحیه مرتبط با یک بافت خاص اهمیت زیادی در پزشکی و فیزیولوژی دارد. در این مقاله راهكاری برای تشخیص و جداسازی ناحیه چربی در تصاویر MRI ران پا مبتنی بر شبکه عصبی با کوپلاژ پالسی ارائه شده است . هدف اصلی سنجش میزان تاثیر ورزشهای خاص در کاهش یا افزایش حجم چربی ران بوده است. الگوریتمهای متفاوتی برای این كار پیاده‌سازی و مورد استفاده قرار گرفت. نتایج آزمایشات انجام شده نشان داد که برای این کاربرد خاص، شبكه عصبی با كوپلاژ پالسی، بهترین نتیجه قطعه‌بندی را بدست می‌دهد.},
  Date                     = {1392-05-30},
  Language                 = {persian}
}
@InCollection{Xepersian-IMS-1392,
  Title                    = {زی‌پرشین (\lr{\XePersian}) یک بسته‌ی حروف‌چینی پارسی در \lr{\LaTeXe} (بخش دوم)},
  Author                   = {وفا خلیقی and
محمود امین‌طوسی},
  Booktitle                = {خبرنامه انجمن ریاضی ایران},
  Publisher                = {انجمن ریاضی ایران},
  Year                     = {۱۳۹۲},
  Note                     = {بهار و تابستان ۱۳۹۲},
  Number                   = {۱۳۵-۱۳۶},
  Pages                    = {۴۰۹},

  Abstract                 = {زی‌پرشین دسته‌ای از ماکروهاست که حروف‌چینی پارسی را در لاتک ساده نموده و به عنوان یک بسته‌ی منبع باز از توانایی‌های بالایی برای حروف‌چینی برخوردار می‌باشد. در این نوشتار به معرفی زی‌پرشین، روند پیدایش و گسترش آن و مقایسه‌ی آن با سیستم‌های مشابه پرداخته شده است. همچنین تلاش شده است ویژگی‌های اصلی، توانمندی‌ها و ابزارهای وابسته به آن بیان شده و به پرسشهای معمول پیرامون آن پاسخ داده شود. هم‌اکنون افراد بسیاری از این بسته برای حروف‌چینی اسناد پارسی خود در لاتک بهره می‌برند و کاربرد آن در جامعه‌ی علمی ایران رو به گسترش است. },
  Date                     = {بهار 1392},
  Language                 = {persian},
  Url                      = {http://profs.hsu.ac.ir/mamintoosi/files/2013/12/Xepersian-IMS.pdf, PDF-Produced_with_XePersian
http://hsc.hsu.ac.ir/public.php?service=files&amp;t=461d50373811eab1277328259bdca414&amp;download, PDF-Download-link2
http://www.parsilatex.com/joomla/attachments/article/209/Xepersian-IMS.pdf, PDF-Download-from-ParsiLaTeX-site
http://www.ims.ir/files/publications/newsletter/ims_newsletter_134.pdf, IMS_newsletter_134.pdf
http://www.ims.ir/files/publications/newsletter/ims_newsletter_135-136.pdf, IMS_newsletter_135-136.pdf}
}
@InProceedings{Tirandaz92Boyer,
  Title                    = {بهینه سازی الگوریتم \lr{Boyer Moore}},
  Author                   = {حامد تیرانداز and
محمود امین‌طوسی},
  Booktitle                = {اولین همایش ملی کاربرد سیستم‌های هوشمند (محاسبات نرم) در علوم و صنایع},
  Year                     = {۱۳۹۱},

  Address                  = {قوچان},

  Abstract                 = {تطبیق رشته در واقع همان جستجوی یک عبارت دلخواه در یک متن می باشد که یک مسئله اساسی درعلوم کامپیوتر می باشد و الگوریتم های زیادی در این زمینه ارائه شده و مورد استفاده قرار گرفته اند. یک الگوریتم اساسی در این زمینه می باشد در این مقاله ما با BoyerMoore از آنجایی که الگوریتم بسط مرتبه دوم این الگوریتم و استفاده کردن از بخش تطابق یافته در جستجوی مرحله قبلی الگوریتمی را ارائه نموده ایم که با دارا بودن شرایط خاصی دارای پیچیدگی زمانی بسیار کمتری نسبت به الگوریتم های جستجوی متن قبلی می باشد },
  Date                     = {1391-12},
  Language                 = {persian}
}
@InCollection{Xepersian-IMS-1391,
  Title                    = {زی‌پرشین (\lr{\XePersian}) یک بسته‌ی حروف‌چینی پارسی در \lr{\LaTeXe}‌ (بخش اول)},
  Author                   = {وفا خلیقی and
محمود امین‌طوسی},
  Booktitle                = {خبرنامه انجمن ریاضی ایران},
  Publisher                = {انجمن ریاضی ایران},
  Year                     = {۱۳۹۱},
  Note                     = {زمستان ۱۳۹۱},
  Number                   = {۱۳۴},
  Pages                    = {۱۹-۲۳},

  Abstract                 = {زی‌پرشین دسته‌ای از ماکروهاست که حروف‌چینی پارسی را در لاتک ساده نموده و به عنوان یک بسته‌ی منبع باز از توانایی‌های بالایی برای حروف‌چینی برخوردار می‌باشد. در این نوشتار به معرفی زی‌پرشین، روند پیدایش و گسترش آن و مقایسه‌ی آن با سیستم‌های مشابه پرداخته شده است. همچنین تلاش شده است ویژگی‌های اصلی، توانمندی‌ها و ابزارهای وابسته به آن بیان شده و به پرسشهای معمول پیرامون آن پاسخ داده شود. هم‌اکنون افراد بسیاری از این بسته برای حروف‌چینی اسناد پارسی خود در لاتک بهره می‌برند و کاربرد آن در جامعه‌ی علمی ایران رو به گسترش است. },
  Date                     = {زمستان 1391},
  Language                 = {persian},
  Url                      = {http://profs.hsu.ac.ir/mamintoosi/files/2013/12/Xepersian-IMS.pdf, PDF-Produced_with_XePersian
http://hsc.hsu.ac.ir/public.php?service=files&amp;t=461d50373811eab1277328259bdca414&amp;download, PDF-Download-link2
http://www.parsilatex.com/joomla/attachments/article/209/Xepersian-IMS.pdf, PDF-Download-from-ParsiLaTeX-site
http://www.ims.ir/files/publications/newsletter/ims_newsletter_134.pdf, IMS_newsletter_134.pdf
http://www.ims.ir/files/publications/newsletter/ims_newsletter_135-136.pdf, IMS_newsletter_135-136.pdf}
}
@InProceedings{Sheida90Unified,
  Title                    = {الگوریتمی واحد برای ناحیه بندی انواع تصاویر پزشکی},
  Author                   = {مهدی شیدا and
حسام اختیار and
محمود امین‌طوسی},
  Booktitle                = {دومین كنفرانس ملی محاسبات نرم و فن آوری اطلاعات},
  Year                     = {۱۳۹۰},

  Address                  = {ماهشهر},

  Abstract                 = {تصاویر تشدید مغناطیسی و ماموگرافی ابزارهای تشخیصی قدرتمندی برای آشکارسازی انواع ضایعات و سرطانها در مراحل اولیه بیماری هستند. در این مقاله یک روش ترکیبی جدید برای استخراج این نواحی با استفاده از الگوریتم Saliency معرفی می‌کنیم. الگوریتم مطرح شده نحوه درمان را برای پزشک تسهیل می‌کند. ما برخی از روشهای ناحیه بندی تصویر را با الگوریتم Saliency ترکیب نموده‌ایم که از میان آنان* ترکیب الگوریتم ناحیه بندی PCNN و روش پیشنهادی دارای بهترین تشخیص می‌باشد.},
  Date                     = {1390-12-10},
  Language                 = {persian}
}

@Article{Amintoosi09afast,
  Title                    = {A Fast Image Registration Approach based on SIFT Key-points Applied to Super-Resolution},
  Author                   = {M. Amintoosi and M. Fathy and N. Mozayani},
  Journal                  = {Imaging Science Journal},
  Year                     = {2012},
  Number                   = {4},
  Pages                    = {185--201},
  Volume                   = {60},

  Authorfa                 = {م. امین‌طوسی and م. فتحی and م. مزینی}
}
@Article{Amintoosi09videoSR,
  Title                    = {Video Enhancement through Image Registration based on Structural Similarity},
  Author                   = {M. Amintoosi and M. Fathy and N. Mozayani},
  Journal                  = {Imaging Science Journal},
  Year                     = {2011},
  Number                   = {4},
  Pages                    = {238--250},
  Volume                   = {59},

  Authorfa                 = {م. امین‌طوسی and م. فتحی and م. مزینی}
}
@Article{Amintoosi2011collage,
  Title                    = {Picture Collage with Genetic Algorithm and Stereo vision},
  Author                   = {H. Ekhtiyar, M. Sheida and M. Amintoosi},
  Journal                  = {International Journal of Computer Science Issues},
  Year                     = {2011},
  Note                     = {Indexed by \textbf{DBLP}},
  Number                   = {3},
  Pages                    = {165--169},
  Volume                   = {8},

  Authorfa                 = {ح.اختیار and م. شیدا and م. امین‌طوسی }
}
@InProceedings{Amintoosi09image,
  Title                    = {Image Registration for Super-Resolution using SIFT Key-points},
  Author                   = {M. Amintoosi and M. Fathy and N. Mozayani},
  Booktitle                = {17th Iranian InProceedings on Electrical Engineering},
  Year                     = {2009},

  Address                  = {Tehran, Iran},
  Month                    = {May},
  Organization             = {Iran Univ. of Science and Technology}
}
@InProceedings{Amintoosi88amikhtan,
  Title                    = {آمیختن بدون درزِ تصاویر، مبتنی بر همرنگ‌سازی چند بانده و تبدیل موجک},
  Author                   = {امین‌طوسی,م. and فتحی,م. and مزینی,ن.},
  Booktitle                = {پانزدهمین کنفرانس ملی سالانه انجمن کامپیوتر ایران},
  Year                     = {۱۳۸۸},

  Address                  = {تهران، ایران},
  Organization             = {مرکز توسعه فناوری نیرو},

  Language                 = {Persian}
}
@InProceedings{Amintoosi88sabtetasvir,
  Title                    = {ثبت تصویر مبتنی بر شباهت ساختاری تصاویر با کاربرد در وضوح برتر},
  Author                   = {امین‌طوسی,م. and فتحی,م. and مزینی,ن.},
  Booktitle                = {هفدهمین کنفرانس مهندسی برق ایران},
  Year                     = {۱۳۸۸},

  Address                  = {تهران، ایران},
  Month                    = {اردیبهشت},
  Organization             = {دانشگاه علم و صنعت ایران},
  Pages                    = {۴۰۱-۴۰۶},

  Language                 = {Persian}
}

@Article{Amintoosi09precise,
  Title                    = {Precise Image Registration with Structural Similarity Error Measurement Applied to Super-Resolution},
  Author                   = {M. Amintoosi and M. Fathy and N. Mozayani},
  Journal                  = {{EURASIP} {J}ournal on {A}dvances in {S}ignal {P}rocessing},
  Year                     = {2009},
  Note                     = {{A}rticle ID 305479, Indexed by \textbf{ACM} and \textbf{DBLP}},
  Pages                    = {7 pages},
  Volume                   = {2009},

  Authorfa                 = {م. امین‌طوسی and م. فتحی and م. مزینی}
}
@InProceedings{Amintoosi09regional,
  Title                    = {Regional Varying Image Super-Resolution},
  Author                   = {M. Amintoosi and M. Fathy and N. Mozayani},
  Booktitle                = {IEEE International Joint InProceedings on Computational Sciences and Optimization},
  Year                     = {2009},

  Address                  = {Sanya, China},
  Month                    = {April 23-26},
  Note                     = {Indexed by \textbf{IEEE Computer Society}, \textbf{ACM} and \textbf{DBLP}},
  Pages                    = {913-917},
  Volume                   = {1}
}
@InProceedings{Amintoosi09video,
  Title                    = {Video Resolution Enhancement in the Presence of Moving Objects},
  Author                   = {M. Amintoosi and M. Fathy and N. Mozayani},
  Booktitle                = {International InProceedings on Image Processing, Computer Vision, and Pattern Recognition},
  Year                     = {2009},

  Address                  = {Las Vegas, USA},
  Month                    = {July},
  Note                     = {Indexed by \textbf{DBLP}},
  Pages                    = {456--460},

  Authorfa                 = {م. امین‌طوسی and م. فتحی and م. مزینی}
}
@InProceedings{Amintoosi87afzayesh,
  Title                    = {افزایش وضوح ناحیه‌ای},
  Author                   = {امین‌طوسی,م. and فتحی,م. and مزینی,ن.},
  Booktitle                = {چهاردهمین کنفرانس ملی سالانه انجمن کامپیوتر ایران},
  Year                     = {۱۳۸۷},

  Address                  = {تهران، ایران},
  Month                    = {اسفند},
  Organization             = {دانشگاه امیرکبیر},

  Language                 = {Persian}
}
@InProceedings{Amintoosi08using,
  Title                    = {استفاده از تجزیه ماتریس در وضوح برتر برای مواجهه با اشیاء متحرک},
  Author                   = {امین‌طوسی,م. and others},
  Booktitle                = {پنجمین کنفرانس پردازش تصویر و بینائی ماشین},
  Year                     = {۱۳۸۷},

  Address                  = {تبریز، ایران},
  Organization             = {دانشگاه تبریز},
  Pages                    = {۱۷۲-۱۷۸},

  Language                 = {Persian}
}

@InProceedings{Amintoosi08reconstruction,
  Title                    = {Reconstruction+Synthesis: A Hybrid Method for Multi-Frame Super-Resolution},
  Author                   = {M. Amintoosi and M. Fathy and N. Mozayani},
  Booktitle                = {(MVIP08) 2008 Iranian InProceedings on Machine Vision and Image Processing},
  Year                     = {2008},

  Address                  = {Tabriz, Iran},
  Organization             = {Tabriz University},
  Pages                    = {179--184}
}
@InProceedings{Fathy08outlier,
  Title                    = {Outlier Removal for Super-Resolution Problem Using {QR-D}ecomposition},
  Author                   = {M. Fathy and N. Mozayani and M. Amintoosi},
  Booktitle                = {Proceedings of the International InProceedings on Image Processing, Computer Vision, and Pattern Recognition},
  Year                     = {2008},

  Address                  = {USA},
  Month                    = {July 14-17},
  Note                     = {Indexed by \textbf{DBLP}},
  Pages                    = {271-277},

  Url                      = {http://webpages.iust.ac.ir/mamintoosi/papers/IPCV08.pdf}
}
@InProceedings{Amintoosi07icics,
  Title                    = {A {QR D}ecomposition Based Mixture Model Algorithm for Background Modeling},
  Author                   = {M. Amintoosi and F. Farbiz and M. Fathy},
  Booktitle                = {ICICS2007, Sixth International InProceedings on Information, Communication and Signal Processing},
  Year                     = {2007},

  Address                  = {Singapore},
  Month                    = {December},
  Note                     = {Indexed by \textbf{IEEE} and \textbf{SCOPUS}},
  Pages                    = {1--5}
}
@InProceedings{Fathy07TTC7a,
  Title                    = {مروری بر تحقیقات انجام شده در زمینه ی پیشگیری از تصادف },
  Author                   = {فتحی, م. and others},
  Booktitle                = {هفتمین كنفرانس مهندسی حمل و نقل و ترافیك ایران},
  Year                     = {۱۳۸۵},

  Address                  = {تهران، ایران},
  Month                    = {اسفند},
  Organization             = {سازمان حمل و نقل و ترافیك تهران},

  Language                 = {Persian},
  Url                      = {"http://www.civilica.com/Paper-TTC07-TTC07_061.html"}
}
@InProceedings{Fathy07TTC7b,
  Title                    = {مروری بر کاربردهای بینائی ماشین و سیستمهای پیاده سازی شده در حمل ونقل و ترافیک},
  Author                   = {فتحی, م. and others},
  Booktitle                = {هفتمین كنفرانس مهندسی حمل و نقل و ترافیك ایران},
  Year                     = {۱۳۸۵},

  Address                  = {تهران},
  Month                    = {اسفند},
  Organization             = {سازمان حمل و نقل و ترافیك تهران},

  Language                 = {Persian},
  Url                      = {"http://www.civilica.com/Paper-TTC07-TTC07_060.html"}
}

@InProceedings{Amintoosi07icassp,
  Title                    = {{QR-D}ecomposition-based {A}lgorithm for {B}ackground {S}ubtraction},
  Author                   = {M. Amintoosi and F. Farbiz and M. Fathy and M. Analoui and N. Mozayani},
  Booktitle                = {ICASSP2007, IEEE International InProceedings on Acoustics, Speech, and Signal Processing},
  Year                     = {2007},

  Address                  = {USA},
  Note                     = {Indexed by \textbf{IEEE}, \textbf{SCOPUS} and \textbf{DBLP}},
  Pages                    = {1093--1096}
}
@Article{Amintoosi07afishschool,
  Title                    = {A Fish School Clustering Algorithm: Applied to Student Sectioning Problem},
  Author                   = {M. Amintoosi and M. Fathy and N. Mozayani and A.T. Rahmani},
  Journal                  = {Dynamics of Continuous Discrete \& Impulse Systems, series B: Applications and Algorithms},
  Year                     = {2007},

  Month                    = {December},
  Note                     = {Post Proceeding of LSMS2007, Life System Modeling and Simulation 2007, China},
  Pages                    = {696-699},
  Volume                   = {2}
}
@Article{Amintoosi07using,
  Title                    = {Using Pattern Matching for Tiling and Packing Problems},
  Author                   = {M. Amintoosi and H. SadoghiYazdi and M.Fathy and R. Monsefi},
  Journal                  = {European Journal of Operational Research},
  Year                     = {2007},
  Note                     = {Indexed by \textbf{DBLP} and \textbf{SCOPUS}},
  Pages                    = {950-960},
  Volume                   = {183}
}
@InProceedings{Amiri07modified,
  Title                    = {Modified Quantized input Variable Step Size {LMS, QX-VSS LMS} Algorithm Applied to Signal Prediction},
  Author                   = {A. Amiri and M. Fathy and M. Amintoosi and H. SadoghiYazdi},
  Booktitle                = {Proceeidings of 4th IEEE GCC InProceedings},
  Year                     = {2007},
  Month                    = {November}
}
@InProceedings{AmiriFAS07,
  Title                    = {A New Quantized Input {RLS,QI-RLS}, Algorithm.},
  Author                   = {A. Amiri and M. Fathy and M.Amintoosi and H. Sadoghi},
  Booktitle                = {ICCSA (3)},
  Year                     = {2007},
  Editor                   = {Osvaldo Gervasi and Marina L. Gavrilova},
  Note                     = {Indexed by \textbf{DBLP} and \textbf{SCOPUS}},
  Pages                    = {495-506},
  Publisher                = {Springer},
  Series                   = {Lecture Notes in Computer Science},
  Volume                   = {4707},

  Date                     = {2008-06-14}
}
@InProceedings{Fathy07abackground,
  Title                    = {A Background Model Initialization Algorithm Based on {QR-D}ecomposition},
  Author                   = {M. Fathy and M. Analoui and N. Mozayani and M. Amintoosi and F. Farbiz},
  Booktitle                = {4th Iranian InProceedings on Machine Vision and Image Processing},
  Year                     = {2007},

  Address                  = {Mashhad, Iran},
  Month                    = {Feb}
}
@InProceedings{Sadoghi06anew,
  Title                    = {روشِ جدیدِ پشته‌سازیِ مكانی-زمانیِ حركت در تصاویر ویدیویی و استفاده از آن در شناسایی حالت چهره},
  Author                   = {صدوقی‌یزدی, ه\char"200D. and امین‌طوسی,م. and فتحی,م. },
  Booktitle                = {اولین کنفرانس ملی مهندسی برق},
  Year                     = {۱۳۸۵},

  Address                  = {گناباد، ایران},
  Organization             = {دانشگاه آزاد اسلامی واحد گناباد},

  Language                 = {Persian}
}
@InProceedings{Sadoghi07facial,
  Title                    = { شناسایی حالت چهره با استفاده از پایگاه دادهٔ مكانی- زمانی \lr{{QIM}} و \lr{{ITMI}}},
  Author                   = {صدوقی‌یزدی, ه\char"200D. and امین‌طوسی,م. and فتحی,م. },
  Booktitle                = {چهارمین کنفرانس بینائی ماشین و پردازش تصویر ایران},
  Year                     = {۱۳۸۵},

  Address                  = {مشهد، ایران},
  Month                    = {بهمن},
  Organization             = {دانشگاه فردوسی مشهد},

  Language                 = {Persian}
}

@Article{Amintoosi05feature,
  Title                    = {Feature Selection in A Fuzzy Student Sectioning Algorithm},
  Author                   = {M. Amintoosi and J. Haddadnnia},
  Journal                  = {Lecture Notes in Computer Science},
  Year                     = {2005},
  Note                     = {Indexed by \textbf{DBLP}},
  Pages                    = {147--160},
  Volume                   = {3616},

  Publisher                = {Springer-Verleg}
}
@InProceedings{Amintoosi04using,
  Title                    = {Using Pattern Matching for Tiling and Packing Problems},
  Author                   = {M. Amintoosi and R. Monsefi and J. Haddadnia},
  Booktitle                = {Fifth International InProceedings on Computer Sciences},
  Year                     = {2004},

  Address                  = {Metz,France},
  Month                    = {July},
  Pages                    = {97-104},
  Publisher                = {Hermes Science Publishing},
  Series                   = {Modeling, Computation and Optimization in Information Systems and Management Sciences}
}
@InProceedings{Amintoosi04fuzzy,
  Title                    = {Fuzzy Student Sectioning},
  Author                   = {M. Amintoosi and H. Sadoghi Yazdi and J. Haddadnnia},
  Booktitle                = {PATAT04: Practice and Theory of Automated Timetabling},
  Year                     = {2004},

  Address                  = {USA},
  Month                    = {Aug},
  Pages                    = {421-424}
}

@comment{امین‌طوسی۸۲جزوه,
  Title                    = {مبانی کامپیوتر و برنامه‌سازی},

  Author                   = {امین‌طوسی, م. and بیهقی, م.},
  HowPublished             = {جزوه‌ی درسی - منتشر نشده},
  Note                     = {دانشگاه حکیم سبزواری، گروه ریاضی},
  Year                     = {۱۳۸۲},

  Annote                   = {سبزوار، ایران},
  Language                 = {Persian},
  Pages                    = {۷۰}
}


@Article{Monsefi02agenetic,
  Title                    = {A Genetic-Neuro Algorithm for Tiling Problems with Rotation and Reflection of Figures},
  Author                   = {R. Monsefi and M. Amintoosi},
  Journal                  = {Iranian Journal of Science and Technology, Transaction B},
  Year                     = {2002},

  Month                    = {December},
  Note                     = {Indexed by \textbf{{ACM}}},
  Number                   = {B4},
  Pages                    = {693-700},
  Volume                   = {26},

  Address                  = {Shiraz University}
}
@InProceedings{Amintoosi04optimum,
  Title                    = {کلاسه‌بندی فازی بهینه دانشجویان با استفاده از یک تابع فازی در حل مسئله برنامه‌ریزی ژنتیکی دروس هفتگی دانشگاه},
  Author                   = {امین‌طوسی, م. and صدوقی‌یزدی, ه\char"200D.},
  Booktitle                = {نهمین كنفرانس سالانه انجمن كامپیوتر ایران},
  Year                     = {۱۳۸۲},

  Address                  = {تهران، ایران},
  Month                    = {اسفند},
  Organization             = {دانشگاه صنعتی شریف},
  Pages                    = {345-352},

  Language                 = {Persian}
}
@InCollection{امین‌طوسی۷۹مروری,
  Title                    = {مروری بر مسائل \lr{NP-Hard} و \lr{NP-Complete}},
  Author                   = {امین‌طوسی,م.},
  Booktitle                = {مجله‌ صفر و یک },
  Publisher                = {گروه کامپیوتر، دانشگاه فردوسی مشهد},
  Year                     = {۱۳۷۹},

  Address                  = {مشهد، ایران},
  Month                    = {بهار},
  Note                     = {شماره سوم},
  Pages                    = {۲۵-۳۳},

  Language                 = {Persian}
}
@InProceedings{Monsefi00agenetic,
  Title                    = {جورچینی قطعات راست گوشه با استفاده از شبكه های عصبی و الگوریتم ژنتیك},
  Author                   = {منصفی,ر. and امین‌طوسی,م.},
  Booktitle                = {پنجمین کنفرانس سالانه انجمن کامپیوتر ایران},
  Year                     = {۱۳۷۸},

  Address                  = {تهران، ایران},
  Month                    = {بهمن},
  Organization             = {دانشگاه شهید بهشتی},
  Pages                    = {۲۹۸-۳۰۴},

  Language                 = {Persian}
}
