@InProceedings{Amintoosi1403aimc55-GSL,
  Title                    = {Seam Carving and Viterbi Algorithm: A Pedagogical Exploration of Dynamic Programming},
  Author                   = {Mahmood Amintoosi},
  Booktitle                = {$55^{th}$ Annual Iranian Mathematics Conference},
  Year                     = {2024},
  Address                  = {Ferdowsi University of Mashhad},
  Date                     = {2024-06},
  Note  = {Accepted},           
  key = {140305}
}

@InProceedings{Amintoosi1403aimc55-GSL,
  Title                    = {پیش‌بینی ترافیک با شبکه‌های پیچشی گراف مبتنی بر یادگیری},
  Author                   = { محمود امین‌طوسی },
  Booktitle                = {پنجاه و پنجمین کنفرانس ریاضی ایران},
  Year                     = {۱۴۰۳},
  Address                  = {دانشگاه فردوسی مشهد},
  Date                     = {1396-06},
  Language                 = {persian},
  Note  = {پذیرفته شده},           
  key = {140304}
}

@article{Amintoosi2023Challenges,
  preview     = {Amintoosi2023Challenges.jpg},
  bibtex_show = {true},
  author      = {Mahmood Amintoosi},
  title       = {Challenges and Requirements of Persian Language Support in Citation Software},
  journal     = {Journal of Studies in Library and Information Science},
  volume      = {15},
  number      = {3},
  pages       = {},
  year        = {2023},
  html        = {https://slis.scu.ac.ir/article_18443.html}
}

@article{Amintoosi2023GFS-COAM,
  preview     = {Amintoosi2023GFS-COAM.jpg},
  bibtex_show = {true},
  author      = {Mahmood Amintoosi and Eisa Kohan-Baghkheirati},
  title       = {Graph Feature Selection for Anti-Cancer Plant Recommendation},
  journal     = {Control and Optimization in Applied Mathematics},
  volume      = {8},
  number      = {2},
  pages       = {1-15},
  year        = {2023},
  html        = {https://mathco.journals.pnu.ac.ir/article_10067.html},
  code        = {https://github.com/mamintoosi/FS-in-Bio-Graphs}
}

@article{JMM-2022,
  author    = {Mina Mortazavi and Morteza Gachpazan and Mahmood Amintoosi},
  title     = {Improving Canny Edge Detection Algorithm Using Fractional-Order Derivatives},
  journal   = {Journal of Mathematical Modeling},
  volume    = {10},
  Number	= {4},
  Pages		= {495-514},
  year      = {2022}
}

@inproceedings{Amintoosi2023FS-bio-math,
  preview      = {Amintoosi2023FS-bio-math.png},
  bibtex_show  = {true},
  title        = {Feature Selection for Anti-Cancer Plant Recommendation},
  author       = {Mahmood Amintoosi and Eisa Kohan-Baghkheirati},
  booktitle    = {The 2nd International and 4th National Conference on Biomathematics},
  year         = {2023},
  address      = {Babolsar, Iran},
  month        = {Feb},
  organization = {University of Mazandaran},
  pages        = {470-475},
  code         = {https://github.com/mamintoosi/FS-in-Bio-Graphs},
  pdf          = {https://www.dropbox.com/scl/fi/elhivqnctzs900hjlogsh/1401-biomath2.pdf?rlkey=mpez4vixbqm14cno78apl5k1o&dl=0}
}
